<record><leader>00000cas a2200000 a 4500</leader><controlfield tag="001">15245700</controlfield><controlfield tag="008">870226d18941995nyuwr ne      0    0eng c</controlfield><datafield ind1=" " ind2=" " tag="010"><subfield code="a">sn 88074589 </subfield></datafield><datafield ind1=" " ind2=" " tag="040"><subfield code="a">VRR</subfield><subfield code="b">eng</subfield><subfield code="c">VRR</subfield><subfield code="d">NYS</subfield><subfield code="d">OCLCQ</subfield><subfield code="d">OCLCF</subfield><subfield code="d">OCLCO</subfield></datafield><datafield ind1=" " ind2=" " tag="042"><subfield code="a">pcc</subfield></datafield><datafield ind1=" " ind2=" " tag="043"><subfield code="a">n-us-ny</subfield></datafield><datafield ind1="0" ind2="0" tag="245"><subfield code="a">Red Creek herald.</subfield></datafield><datafield ind1=" " ind2=" " tag="260"><subfield code="a">Red Creek, N.Y. :</subfield><subfield code="b">W.G. Phippin</subfield></datafield><datafield ind1=" " ind2=" " tag="300"><subfield code="a">v.</subfield></datafield><datafield ind1=" " ind2=" " tag="310"><subfield code="a">Weekly</subfield></datafield><datafield ind1="1" ind2=" " tag="362"><subfield code="a">Began with Mar. 15, 1894 issue?</subfield><subfield code="z">Cf. Gregory, W. Amer. newspapers, 1937.</subfield></datafield><datafield ind1="1" ind2=" " tag="362"><subfield code="a">Ceased in Mar. 1995.</subfield></datafield><datafield ind1=" " ind2=" " tag="515"><subfield code="a">Numbering is irregular.</subfield></datafield><datafield ind1=" " ind2=" " tag="580"><subfield code="a">Merged with: Cato citizen (Cato, N.Y. : 1940), and: Fair Haven register, to form: Post-herald (Fair Haven, Cayuga County, N.Y.).</subfield></datafield><datafield ind1=" " ind2=" " tag="588"><subfield code="a">Description based on: Vol. 44, no. 45 (Jan. 6, 1938).</subfield></datafield><datafield ind1=" " ind2="0" tag="651"><subfield code="a">Red Creek (Wayne County, N.Y.)</subfield><subfield code="v">Newspapers.</subfield></datafield><datafield ind1=" " ind2="0" tag="651"><subfield code="a">Wayne County (N.Y.)</subfield><subfield code="v">Newspapers.</subfield></datafield><datafield ind1=" " ind2="7" tag="655"><subfield code="a">Newspapers.</subfield><subfield code="2">fast</subfield><subfield code="0">(OCoLC)fst01423814</subfield></datafield><datafield ind1=" " ind2="7" tag="651"><subfield code="a">New York (State)</subfield><subfield code="z">Red Creek (Wayne County)</subfield><subfield code="2">fast</subfield><subfield code="0">(OCoLC)fst01313783</subfield></datafield><datafield ind1=" " ind2="7" tag="651"><subfield code="a">New York (State)</subfield><subfield code="z">Wayne County.</subfield><subfield code="2">fast</subfield><subfield code="0">(OCoLC)fst01206235</subfield></datafield><datafield ind1=" " ind2=" " tag="752"><subfield code="a">United States</subfield><subfield code="b">New York</subfield><subfield code="c">Wayne</subfield><subfield code="d">Red Creek.</subfield></datafield><datafield ind1="1" ind2="7" tag="785"><subfield code="t">Cato citizen (Cato, N.Y. : 1940)</subfield><subfield code="w">(DLC)sn 90066502</subfield><subfield code="w">(OCoLC)22271171</subfield></datafield><datafield ind1="1" ind2="7" tag="785"><subfield code="t">Fair Haven register</subfield><subfield code="w">(DLC)sn 90066507</subfield><subfield code="w">(OCoLC)22269952</subfield></datafield><datafield ind1="1" ind2="7" tag="785"><subfield code="t">Post-herald (Fair Haven, Cayuga County, N.Y.)</subfield><subfield code="x">1081-8405</subfield><subfield code="w">(DLC)sn 95001257</subfield><subfield code="w">(OCoLC)22269952</subfield></datafield></record>